[
  {
    "id": "26dcff4e-21cf-4c53-a5d6-3d467fefe0d0",
    "ad_source": "Instagram",
    "ad_campaign": "Back to School",
    "ad_group": "Women's Clothing",
    "ad_type": "Banner Ad",
    "impressions": 922427,
    "clicks": 5956,
    "conversions": 47,
    "cost": 613.11,
    "conversion_rate": 0.0958,
    "revenue": 2463.28,
    "roi": 3.54,
    "start_date": "8/27/2022"
  },
  {
    "id": "e4b4e610-39e4-4963-ac97-71b03f4a6f11",
    "ad_source": "LinkedIn",
    "ad_campaign": "Holiday Promotion",
    "ad_group": "Electronics",
    "ad_type": "Sponsored Post",
    "impressions": 920343,
    "clicks": 1680,
    "conversions": 17,
    "cost": 254.11,
    "conversion_rate": 0.0797,
    "revenue": 2894.63,
    "roi": 0.95,
    "start_date": "10/4/2022"
  },
  {
    "id": "298575da-d216-48b7-ac17-9401eb7e69a2",
    "ad_source": "Facebook",
    "ad_campaign": "Summer Sale",
    "ad_group": "Home Decor",
    "ad_type": "Video Ad",
    "impressions": 189080,
    "clicks": 6512,
    "conversions": 60,
    "cost": 548.38,
    "conversion_rate": 0.0265,
    "revenue": 9549.09,
    "roi": 6.77,
    "start_date": "1/9/2022"
  },
  {
    "id": "d43de822-df52-4b28-bfd9-f305c53d8b7e",
    "ad_source": "Twitter",
    "ad_campaign": "Holiday Promotion",
    "ad_group": "Electronics",
    "ad_type": "Sponsored Post",
    "impressions": 292295,
    "clicks": 644,
    "conversions": 25,
    "cost": 599.71,
    "conversion_rate": 0.0875,
    "revenue": 2989.31,
    "roi": 2.93,
    "start_date": "7/15/2022"
  },
  {
    "id": "6bfc934f-9fa1-4249-bc49-2cb3b90ef0cb",
    "ad_source": "Twitter",
    "ad_campaign": "Holiday Promotion",
    "ad_group": "Electronics",
    "ad_type": "Video Ad",
    "impressions": 739223,
    "clicks": 2275,
    "conversions": 75,
    "cost": 132.22,
    "conversion_rate": 0.0467,
    "revenue": 1022.76,
    "roi": 2.48,
    "start_date": "7/15/2022"
  },
  {
    "id": "108d11b9-e486-47f4-b9f4-9849c5cb3b23",
    "ad_source": "Twitter",
    "ad_campaign": "Holiday Promotion",
    "ad_group": "Electronics",
    "ad_type": "Video Ad",
    "impressions": 266708,
    "clicks": 3785,
    "conversions": 21,
    "cost": 750.5,
    "conversion_rate": 0.0323,
    "revenue": 4311.48,
    "roi": 8.71,
    "start_date": "6/10/2022"
  },
  {
    "id": "bc681fdb-3900-454d-8298-6c957494e9fc",
    "ad_source": "Twitter",
    "ad_campaign": "Summer Sale",
    "ad_group": "Women's Clothing",
    "ad_type": "Video Ad",
    "impressions": 171276,
    "clicks": 9670,
    "conversions": 28,
    "cost": 459.76,
    "conversion_rate": 0.0329,
    "revenue": 5613.65,
    "roi": 4.71,
    "start_date": "2/22/2022"
  },
  {
    "id": "734bac69-9aac-4dda-ba71-94f25b87612f",
    "ad_source": "Twitter",
    "ad_campaign": "Summer Sale",
    "ad_group": "Electronics",
    "ad_type": "Video Ad",
    "impressions": 566334,
    "clicks": 1930,
    "conversions": 82,
    "cost": 786.84,
    "conversion_rate": 0.0113,
    "revenue": 9705.01,
    "roi": 6.34,
    "start_date": "7/27/2022"
  },
  {
    "id": "7ac02740-7dad-4232-bab7-1afac45088a0",
    "ad_source": "LinkedIn",
    "ad_campaign": "Back to School",
    "ad_group": "Electronics",
    "ad_type": "Sponsored Post",
    "impressions": 515381,
    "clicks": 8713,
    "conversions": 1,
    "cost": 946.08,
    "conversion_rate": 0.0212,
    "revenue": 2490.32,
    "roi": 2.94,
    "start_date": "12/16/2022"
  },
  {
    "id": "36d5470f-eb31-4211-8ca0-70db8bae00ff",
    "ad_source": "Twitter",
    "ad_campaign": "Summer Sale",
    "ad_group": "Home Decor",
    "ad_type": "Banner Ad",
    "impressions": 927577,
    "clicks": 9632,
    "conversions": 44,
    "cost": 756.37,
    "conversion_rate": 0.0507,
    "revenue": 9305.9,
    "roi": 1.87,
    "start_date": "8/2/2022"
  },
  {
    "id": "4963ea37-f77e-4029-bc04-297c2d1d0e92",
    "ad_source": "Twitter",
    "ad_campaign": "Back to School",
    "ad_group": "Home Decor",
    "ad_type": "Video Ad",
    "impressions": 725741,
    "clicks": 153,
    "conversions": 63,
    "cost": 889.94,
    "conversion_rate": 0.0154,
    "revenue": 6537.64,
    "roi": 5.38,
    "start_date": "3/10/2022"
  },
  {
    "id": "e2d317f6-67d0-49bc-8953-3677ce2756bb",
    "ad_source": "Instagram",
    "ad_campaign": "Summer Sale",
    "ad_group": "Electronics",
    "ad_type": "Sponsored Post",
    "impressions": 817011,
    "clicks": 6633,
    "conversions": 16,
    "cost": 444.85,
    "conversion_rate": 0.0178,
    "revenue": 7105.61,
    "roi": 8.18,
    "start_date": "7/2/2022"
  },
  {
    "id": "ac055bbb-2acb-49d1-9312-9149f5b2b73d",
    "ad_source": "Facebook",
    "ad_campaign": "Back to School",
    "ad_group": "Electronics",
    "ad_type": "Video Ad",
    "impressions": 996284,
    "clicks": 3256,
    "conversions": 82,
    "cost": 924.77,
    "conversion_rate": 0.0501,
    "revenue": 7948.88,
    "roi": 7.22,
    "start_date": "5/16/2022"
  },
  {
    "id": "98afd0bd-003f-4fa1-8d29-ea284fb1b5b7",
    "ad_source": "Facebook",
    "ad_campaign": "Holiday Promotion",
    "ad_group": "Electronics",
    "ad_type": "Sponsored Post",
    "impressions": 165378,
    "clicks": 7165,
    "conversions": 41,
    "cost": 974.47,
    "conversion_rate": 0.0658,
    "revenue": 9374.34,
    "roi": 4.36,
    "start_date": "3/30/2022"
  },
  {
    "id": "8955370f-b3af-43b3-9106-e1651d51494c",
    "ad_source": "Instagram",
    "ad_campaign": "Summer Sale",
    "ad_group": "Electronics",
    "ad_type": "Video Ad",
    "impressions": 259641,
    "clicks": 1682,
    "conversions": 98,
    "cost": 880.01,
    "conversion_rate": 0.0119,
    "revenue": 3997.69,
    "roi": 9.53,
    "start_date": "8/24/2022"
  },
  {
    "id": "a44324bc-964e-4f8b-9ca1-e842e726e94b",
    "ad_source": "Instagram",
    "ad_campaign": "Summer Sale",
    "ad_group": "Home Decor",
    "ad_type": "Video Ad",
    "impressions": 346886,
    "clicks": 224,
    "conversions": 76,
    "cost": 205.59,
    "conversion_rate": 0.0508,
    "revenue": 118.31,
    "roi": 1.48,
    "start_date": "10/14/2022"
  },
  {
    "id": "766faaab-7613-4b64-9376-527dfc2f4126",
    "ad_source": "Instagram",
    "ad_campaign": "Back to School",
    "ad_group": "Home Decor",
    "ad_type": "Sponsored Post",
    "impressions": 770360,
    "clicks": 8716,
    "conversions": 49,
    "cost": 38.97,
    "conversion_rate": 0.061,
    "revenue": 9254.76,
    "roi": 7.77,
    "start_date": "6/3/2022"
  },
  {
    "id": "ab4885ed-0684-40f2-9b4d-f84f66c73356",
    "ad_source": "Instagram",
    "ad_campaign": "Summer Sale",
    "ad_group": "Home Decor",
    "ad_type": "Sponsored Post",
    "impressions": 507749,
    "clicks": 3586,
    "conversions": 72,
    "cost": 694.77,
    "conversion_rate": 0.0429,
    "revenue": 891.19,
    "roi": 5.41,
    "start_date": "11/18/2022"
  },
  {
    "id": "57a83aff-b0c3-4876-ad28-798115e0684c",
    "ad_source": "Instagram",
    "ad_campaign": "Back to School",
    "ad_group": "Home Decor",
    "ad_type": "Banner Ad",
    "impressions": 307674,
    "clicks": 3760,
    "conversions": 25,
    "cost": 338.12,
    "conversion_rate": 0.0892,
    "revenue": 9718.67,
    "roi": 5.32,
    "start_date": "4/18/2022"
  },
  {
    "id": "019d5b52-eb59-4929-8091-2cac73e79ece",
    "ad_source": "Facebook",
    "ad_campaign": "Summer Sale",
    "ad_group": "Women's Clothing",
    "ad_type": "Banner Ad",
    "impressions": 902078,
    "clicks": 5209,
    "conversions": 89,
    "cost": 838.75,
    "conversion_rate": 0.0843,
    "revenue": 6335.81,
    "roi": 3.0,
    "start_date": "5/11/2022"
  },
  {
    "id": "80e387d2-f913-4df6-ada7-1005e32fcd23",
    "ad_source": "Instagram",
    "ad_campaign": "Back to School",
    "ad_group": "Women's Clothing",
    "ad_type": "Banner Ad",
    "impressions": 560040,
    "clicks": 7341,
    "conversions": 94,
    "cost": 444.31,
    "conversion_rate": 0.0653,
    "revenue": 8700.25,
    "roi": 1.14,
    "start_date": "9/9/2022"
  },
  {
    "id": "f94dcf67-8dbc-481e-8321-7ff8c8bd514d",
    "ad_source": "Instagram",
    "ad_campaign": "Summer Sale",
    "ad_group": "Home Decor",
    "ad_type": "Video Ad",
    "impressions": 281936,
    "clicks": 386,
    "conversions": 64,
    "cost": 63.78,
    "conversion_rate": 0.0479,
    "revenue": 3289.22,
    "roi": 1.35,
    "start_date": "11/12/2022"
  },
  {
    "id": "98280180-a39e-4229-bad4-9753378aa128",
    "ad_source": "Twitter",
    "ad_campaign": "Holiday Promotion",
    "ad_group": "Home Decor",
    "ad_type": "Video Ad",
    "impressions": 100003,
    "clicks": 119,
    "conversions": 37,
    "cost": 624.42,
    "conversion_rate": 0.0291,
    "revenue": 5961.9,
    "roi": 8.7,
    "start_date": "11/30/2022"
  },
  {
    "id": "c7d02778-bc9e-4c65-959c-c5c8d4f11aff",
    "ad_source": "Twitter",
    "ad_campaign": "Back to School",
    "ad_group": "Women's Clothing",
    "ad_type": "Sponsored Post",
    "impressions": 569835,
    "clicks": 2598,
    "conversions": 57,
    "cost": 865.78,
    "conversion_rate": 0.0861,
    "revenue": 202.54,
    "roi": 4.66,
    "start_date": "8/14/2022"
  },
  {
    "id": "a5e448c7-38d9-4418-80b0-bec1b6a40757",
    "ad_source": "Instagram",
    "ad_campaign": "Holiday Promotion",
    "ad_group": "Home Decor",
    "ad_type": "Video Ad",
    "impressions": 970214,
    "clicks": 8603,
    "conversions": 37,
    "cost": 263.05,
    "conversion_rate": 0.0995,
    "revenue": 3580.36,
    "roi": 0.87,
    "start_date": "11/3/2022"
  },
  {
    "id": "8fd579a3-3bf2-4fe2-9e27-9159dff2998c",
    "ad_source": "Twitter",
    "ad_campaign": "Back to School",
    "ad_group": "Home Decor",
    "ad_type": "Banner Ad",
    "impressions": 382665,
    "clicks": 8725,
    "conversions": 63,
    "cost": 682.59,
    "conversion_rate": 0.0677,
    "revenue": 8364.02,
    "roi": 8.28,
    "start_date": "7/26/2022"
  },
  {
    "id": "501f28fc-a740-4719-85e8-e57acc70ad4c",
    "ad_source": "Instagram",
    "ad_campaign": "Holiday Promotion",
    "ad_group": "Women's Clothing",
    "ad_type": "Sponsored Post",
    "impressions": 601110,
    "clicks": 7330,
    "conversions": 36,
    "cost": 790.06,
    "conversion_rate": 0.0769,
    "revenue": 8547.37,
    "roi": 3.83,
    "start_date": "12/9/2022"
  },
  {
    "id": "c3a0b0b7-0f2c-44f9-9f48-4ee94f0e693b",
    "ad_source": "Instagram",
    "ad_campaign": "Back to School",
    "ad_group": "Electronics",
    "ad_type": "Sponsored Post",
    "impressions": 965620,
    "clicks": 5245,
    "conversions": 20,
    "cost": 197.46,
    "conversion_rate": 0.0881,
    "revenue": 3076.25,
    "roi": 2.14,
    "start_date": "8/1/2022"
  },
  {
    "id": "e8f5872a-327f-4e23-94b9-98d612882e09",
    "ad_source": "Twitter",
    "ad_campaign": "Back to School",
    "ad_group": "Electronics",
    "ad_type": "Sponsored Post",
    "impressions": 679672,
    "clicks": 2833,
    "conversions": 6,
    "cost": 163.32,
    "conversion_rate": 0.0116,
    "revenue": 9485.5,
    "roi": 2.36,
    "start_date": "9/16/2022"
  },
  {
    "id": "85e163b0-9f85-4925-9f3b-aa197f4b59e2",
    "ad_source": "LinkedIn",
    "ad_campaign": "Holiday Promotion",
    "ad_group": "Home Decor",
    "ad_type": "Video Ad",
    "impressions": 595952,
    "clicks": 938,
    "conversions": 99,
    "cost": 767.36,
    "conversion_rate": 0.0647,
    "revenue": 8150.34,
    "roi": 1.78,
    "start_date": "11/3/2022"
  },
  {
    "id": "145858f9-62c6-49b4-8798-202a2e8712e2",
    "ad_source": "Instagram",
    "ad_campaign": "Summer Sale",
    "ad_group": "Women's Clothing",
    "ad_type": "Video Ad",
    "impressions": 831266,
    "clicks": 9705,
    "conversions": 1,
    "cost": 730.74,
    "conversion_rate": 0.0291,
    "revenue": 3583.67,
    "roi": 1.13,
    "start_date": "12/28/2022"
  },
  {
    "id": "5a23104f-491b-4de5-b9c5-ec02f938832d",
    "ad_source": "Twitter",
    "ad_campaign": "Holiday Promotion",
    "ad_group": "Home Decor",
    "ad_type": "Sponsored Post",
    "impressions": 864956,
    "clicks": 4059,
    "conversions": 53,
    "cost": 445.15,
    "conversion_rate": 0.0743,
    "revenue": 7391.35,
    "roi": 7.97,
    "start_date": "8/10/2022"
  },
  {
    "id": "72549c97-849a-419c-be0c-bd9f02561eae",
    "ad_source": "Instagram",
    "ad_campaign": "Back to School",
    "ad_group": "Women's Clothing",
    "ad_type": "Video Ad",
    "impressions": 533458,
    "clicks": 7240,
    "conversions": 7,
    "cost": 405.63,
    "conversion_rate": 0.0868,
    "revenue": 3279.96,
    "roi": 0.6,
    "start_date": "3/31/2022"
  },
  {
    "id": "aec1cfa5-c194-42db-be15-b75c1aa76115",
    "ad_source": "Twitter",
    "ad_campaign": "Holiday Promotion",
    "ad_group": "Women's Clothing",
    "ad_type": "Video Ad",
    "impressions": 904573,
    "clicks": 7727,
    "conversions": 61,
    "cost": 785.63,
    "conversion_rate": 0.067,
    "revenue": 2534.77,
    "roi": 2.65,
    "start_date": "3/22/2022"
  },
  {
    "id": "e3f8cea0-d45c-4815-b55c-b637cce3912e",
    "ad_source": "LinkedIn",
    "ad_campaign": "Holiday Promotion",
    "ad_group": "Home Decor",
    "ad_type": "Banner Ad",
    "impressions": 193424,
    "clicks": 9334,
    "conversions": 77,
    "cost": 370.04,
    "conversion_rate": 0.0163,
    "revenue": 8145.51,
    "roi": 1.72,
    "start_date": "12/16/2022"
  },
  {
    "id": "827c0a6c-bfef-4d9d-b5e4-d06621eaa525",
    "ad_source": "Facebook",
    "ad_campaign": "Summer Sale",
    "ad_group": "Home Decor",
    "ad_type": "Banner Ad",
    "impressions": 116945,
    "clicks": 2895,
    "conversions": 62,
    "cost": 643.14,
    "conversion_rate": 0.0264,
    "revenue": 9493.25,
    "roi": 7.67,
    "start_date": "10/12/2022"
  },
  {
    "id": "4b0fd4b6-e1a7-494c-9f4c-b5ab56f75a8a",
    "ad_source": "Twitter",
    "ad_campaign": "Holiday Promotion",
    "ad_group": "Home Decor",
    "ad_type": "Banner Ad",
    "impressions": 686173,
    "clicks": 8380,
    "conversions": 41,
    "cost": 624.16,
    "conversion_rate": 0.0827,
    "revenue": 5880.73,
    "roi": 8.27,
    "start_date": "5/2/2022"
  },
  {
    "id": "c8bc6801-3796-4a1b-b2d5-1c597ecfb546",
    "ad_source": "Twitter",
    "ad_campaign": "Back to School",
    "ad_group": "Home Decor",
    "ad_type": "Sponsored Post",
    "impressions": 349717,
    "clicks": 5423,
    "conversions": 43,
    "cost": 60.27,
    "conversion_rate": 0.0319,
    "revenue": 7510.45,
    "roi": 8.39,
    "start_date": "7/15/2022"
  },
  {
    "id": "7dcd6ee9-c43f-46d6-8d50-fca232ade42b",
    "ad_source": "Instagram",
    "ad_campaign": "Back to School",
    "ad_group": "Women's Clothing",
    "ad_type": "Video Ad",
    "impressions": 326295,
    "clicks": 5172,
    "conversions": 49,
    "cost": 891.76,
    "conversion_rate": 0.0825,
    "revenue": 153.13,
    "roi": 9.04,
    "start_date": "12/19/2022"
  },
  {
    "id": "2ca61503-638a-48de-bf71-e96f352129c0",
    "ad_source": "Instagram",
    "ad_campaign": "Holiday Promotion",
    "ad_group": "Electronics",
    "ad_type": "Sponsored Post",
    "impressions": 98013,
    "clicks": 757,
    "conversions": 97,
    "cost": 322.95,
    "conversion_rate": 0.0584,
    "revenue": 3439.6,
    "roi": 3.14,
    "start_date": "1/2/2022"
  },
  {
    "id": "1113f95d-a093-4a44-9ed7-07e9ac750e10",
    "ad_source": "Instagram",
    "ad_campaign": "Holiday Promotion",
    "ad_group": "Home Decor",
    "ad_type": "Video Ad",
    "impressions": 767972,
    "clicks": 5936,
    "conversions": 59,
    "cost": 604.7,
    "conversion_rate": 0.048,
    "revenue": 1236.12,
    "roi": 9.2,
    "start_date": "8/3/2022"
  },
  {
    "id": "444f9aa0-3866-49fd-b234-441778dfc6a9",
    "ad_source": "Twitter",
    "ad_campaign": "Back to School",
    "ad_group": "Women's Clothing",
    "ad_type": "Sponsored Post",
    "impressions": 329643,
    "clicks": 9211,
    "conversions": 84,
    "cost": 659.71,
    "conversion_rate": 0.0907,
    "revenue": 1436.02,
    "roi": 5.45,
    "start_date": "1/29/2022"
  },
  {
    "id": "3385e9c5-9ed8-4531-8e9d-36613d66a99c",
    "ad_source": "Twitter",
    "ad_campaign": "Back to School",
    "ad_group": "Electronics",
    "ad_type": "Video Ad",
    "impressions": 273266,
    "clicks": 7294,
    "conversions": 72,
    "cost": 984.55,
    "conversion_rate": 0.0643,
    "revenue": 1965.43,
    "roi": 1.47,
    "start_date": "2/22/2022"
  },
  {
    "id": "1e349b94-76af-40f6-9aa2-62d029fa9c69",
    "ad_source": "LinkedIn",
    "ad_campaign": "Holiday Promotion",
    "ad_group": "Women's Clothing",
    "ad_type": "Video Ad",
    "impressions": 159592,
    "clicks": 496,
    "conversions": 96,
    "cost": 745.75,
    "conversion_rate": 0.0244,
    "revenue": 5738.39,
    "roi": 0.9,
    "start_date": "9/14/2022"
  },
  {
    "id": "8f95995f-0ebb-48e8-a6f7-e725cfb3678f",
    "ad_source": "Instagram",
    "ad_campaign": "Summer Sale",
    "ad_group": "Electronics",
    "ad_type": "Banner Ad",
    "impressions": 319574,
    "clicks": 4900,
    "conversions": 59,
    "cost": 609.68,
    "conversion_rate": 0.0966,
    "revenue": 1662.39,
    "roi": 4.88,
    "start_date": "7/31/2022"
  },
  {
    "id": "5af2cbdf-6547-4595-a537-761b46f68514",
    "ad_source": "Facebook",
    "ad_campaign": "Summer Sale",
    "ad_group": "Electronics",
    "ad_type": "Sponsored Post",
    "impressions": 481037,
    "clicks": 7470,
    "conversions": 78,
    "cost": 925.71,
    "conversion_rate": 0.0686,
    "revenue": 3925.19,
    "roi": 2.17,
    "start_date": "7/4/2022"
  },
  {
    "id": "87ae8aa1-2e4e-48dd-9eb6-93c154fff8d5",
    "ad_source": "Instagram",
    "ad_campaign": "Summer Sale",
    "ad_group": "Home Decor",
    "ad_type": "Video Ad",
    "impressions": 214855,
    "clicks": 4194,
    "conversions": 53,
    "cost": 186.87,
    "conversion_rate": 0.0439,
    "revenue": 3234.28,
    "roi": 6.94,
    "start_date": "6/11/2022"
  },
  {
    "id": "458c0ab6-16d1-4b35-870c-59dca465123b",
    "ad_source": "Facebook",
    "ad_campaign": "Back to School",
    "ad_group": "Home Decor",
    "ad_type": "Banner Ad",
    "impressions": 904257,
    "clicks": 7038,
    "conversions": 54,
    "cost": 359.33,
    "conversion_rate": 0.0239,
    "revenue": 5040.81,
    "roi": 3.6,
    "start_date": "9/1/2022"
  },
  {
    "id": "f5402855-4f74-4a6d-964e-0bc4b34f2a6d",
    "ad_source": "Facebook",
    "ad_campaign": "Back to School",
    "ad_group": "Electronics",
    "ad_type": "Banner Ad",
    "impressions": 520375,
    "clicks": 8706,
    "conversions": 30,
    "cost": 676.65,
    "conversion_rate": 0.0524,
    "revenue": 7045.3,
    "roi": 5.21,
    "start_date": "7/23/2022"
  },
  {
    "id": "04808cda-3196-4ca4-993c-478a26324189",
    "ad_source": "LinkedIn",
    "ad_campaign": "Holiday Promotion",
    "ad_group": "Women's Clothing",
    "ad_type": "Sponsored Post",
    "impressions": 949634,
    "clicks": 6497,
    "conversions": 42,
    "cost": 300.96,
    "conversion_rate": 0.0855,
    "revenue": 7184.23,
    "roi": 8.28,
    "start_date": "8/15/2022"
  },
  {
    "id": "2a435e27-ec6a-4c6a-aef8-75d61eaa4da4",
    "ad_source": "Facebook",
    "ad_campaign": "Summer Sale",
    "ad_group": "Women's Clothing",
    "ad_type": "Banner Ad",
    "impressions": 539859,
    "clicks": 4154,
    "conversions": 35,
    "cost": 559.18,
    "conversion_rate": 0.053,
    "revenue": 2817.33,
    "roi": 3.67,
    "start_date": "11/10/2022"
  },
  {
    "id": "634f5189-e7d5-4d81-bf62-424db8662e2f",
    "ad_source": "Instagram",
    "ad_campaign": "Back to School",
    "ad_group": "Women's Clothing",
    "ad_type": "Sponsored Post",
    "impressions": 477382,
    "clicks": 3280,
    "conversions": 85,
    "cost": 848.95,
    "conversion_rate": 0.0736,
    "revenue": 1629.29,
    "roi": 6.03,
    "start_date": "11/20/2022"
  },
  {
    "id": "38855737-f4b1-47f8-9411-a146658375ec",
    "ad_source": "Instagram",
    "ad_campaign": "Summer Sale",
    "ad_group": "Home Decor",
    "ad_type": "Video Ad",
    "impressions": 460901,
    "clicks": 5325,
    "conversions": 58,
    "cost": 77.53,
    "conversion_rate": 0.07,
    "revenue": 6140.54,
    "roi": 8.46,
    "start_date": "10/2/2022"
  },
  {
    "id": "00e367f9-2c69-4c19-af2b-42e38b671381",
    "ad_source": "Facebook",
    "ad_campaign": "Summer Sale",
    "ad_group": "Home Decor",
    "ad_type": "Sponsored Post",
    "impressions": 896742,
    "clicks": 8034,
    "conversions": 99,
    "cost": 189.24,
    "conversion_rate": 0.0824,
    "revenue": 1955.93,
    "roi": 8.16,
    "start_date": "11/14/2022"
  },
  {
    "id": "777a5d49-5c5e-4aec-9b25-e72018e35b19",
    "ad_source": "Facebook",
    "ad_campaign": "Back to School",
    "ad_group": "Women's Clothing",
    "ad_type": "Video Ad",
    "impressions": 284350,
    "clicks": 571,
    "conversions": 13,
    "cost": 122.94,
    "conversion_rate": 0.0114,
    "revenue": 6038.98,
    "roi": 9.76,
    "start_date": "10/5/2022"
  },
  {
    "id": "55433d75-4cda-46a8-85c5-6341a0d6eb06",
    "ad_source": "Facebook",
    "ad_campaign": "Back to School",
    "ad_group": "Electronics",
    "ad_type": "Banner Ad",
    "impressions": 3772,
    "clicks": 531,
    "conversions": 38,
    "cost": 132.78,
    "conversion_rate": 0.0663,
    "revenue": 3930.9,
    "roi": 5.84,
    "start_date": "9/25/2022"
  },
  {
    "id": "0d890d55-9204-47cc-8097-c1fa6f28ea76",
    "ad_source": "Facebook",
    "ad_campaign": "Holiday Promotion",
    "ad_group": "Women's Clothing",
    "ad_type": "Banner Ad",
    "impressions": 749355,
    "clicks": 4706,
    "conversions": 100,
    "cost": 934.27,
    "conversion_rate": 0.0221,
    "revenue": 7465.08,
    "roi": 1.88,
    "start_date": "2/28/2022"
  },
  {
    "id": "1f111fa5-ac89-49d8-9ced-8b0ea69d819c",
    "ad_source": "Instagram",
    "ad_campaign": "Summer Sale",
    "ad_group": "Electronics",
    "ad_type": "Sponsored Post",
    "impressions": 805733,
    "clicks": 5594,
    "conversions": 2,
    "cost": 768.08,
    "conversion_rate": 0.0906,
    "revenue": 5869.57,
    "roi": 7.31,
    "start_date": "7/5/2022"
  },
  {
    "id": "683bbb0a-3253-433f-9d18-6a5526b40e28",
    "ad_source": "LinkedIn",
    "ad_campaign": "Holiday Promotion",
    "ad_group": "Electronics",
    "ad_type": "Video Ad",
    "impressions": 901877,
    "clicks": 7132,
    "conversions": 10,
    "cost": 90.97,
    "conversion_rate": 0.035,
    "revenue": 9951.82,
    "roi": 0.49,
    "start_date": "7/27/2022"
  },
  {
    "id": "e114294e-501f-47d5-8f83-68eb00e2f578",
    "ad_source": "Instagram",
    "ad_campaign": "Back to School",
    "ad_group": "Women's Clothing",
    "ad_type": "Sponsored Post",
    "impressions": 823647,
    "clicks": 5322,
    "conversions": 28,
    "cost": 623.56,
    "conversion_rate": 0.0613,
    "revenue": 7542.15,
    "roi": 1.94,
    "start_date": "6/1/2022"
  },
  {
    "id": "7117437b-8750-40bc-8555-0fd28cd7edef",
    "ad_source": "Twitter",
    "ad_campaign": "Summer Sale",
    "ad_group": "Electronics",
    "ad_type": "Sponsored Post",
    "impressions": 662811,
    "clicks": 5814,
    "conversions": 4,
    "cost": 174.63,
    "conversion_rate": 0.0491,
    "revenue": 7398.68,
    "roi": 6.05,
    "start_date": "5/22/2022"
  },
  {
    "id": "cd8cad63-b7dd-47be-9243-138452bad297",
    "ad_source": "LinkedIn",
    "ad_campaign": "Holiday Promotion",
    "ad_group": "Electronics",
    "ad_type": "Banner Ad",
    "impressions": 637650,
    "clicks": 1961,
    "conversions": 75,
    "cost": 415.89,
    "conversion_rate": 0.0583,
    "revenue": 3085.57,
    "roi": 5.29,
    "start_date": "2/21/2022"
  },
  {
    "id": "3514b61d-74bb-4aec-9703-9a4453c586da",
    "ad_source": "Twitter",
    "ad_campaign": "Back to School",
    "ad_group": "Women's Clothing",
    "ad_type": "Sponsored Post",
    "impressions": 382290,
    "clicks": 5152,
    "conversions": 50,
    "cost": 579.32,
    "conversion_rate": 0.0288,
    "revenue": 9699.8,
    "roi": 7.6,
    "start_date": "3/8/2022"
  },
  {
    "id": "f2402ca9-c052-40f5-b641-e1f7d91dbf48",
    "ad_source": "Facebook",
    "ad_campaign": "Holiday Promotion",
    "ad_group": "Electronics",
    "ad_type": "Banner Ad",
    "impressions": 821130,
    "clicks": 6203,
    "conversions": 49,
    "cost": 841.71,
    "conversion_rate": 0.0506,
    "revenue": 2544.41,
    "roi": 9.37,
    "start_date": "12/16/2022"
  },
  {
    "id": "82d407c7-45a9-414e-9d35-732ce384a35e",
    "ad_source": "Instagram",
    "ad_campaign": "Back to School",
    "ad_group": "Home Decor",
    "ad_type": "Video Ad",
    "impressions": 693851,
    "clicks": 1932,
    "conversions": 32,
    "cost": 220.29,
    "conversion_rate": 0.0963,
    "revenue": 8452.27,
    "roi": 9.88,
    "start_date": "9/9/2022"
  },
  {
    "id": "71263c50-2339-405d-aa61-76ac01a0009a",
    "ad_source": "Facebook",
    "ad_campaign": "Summer Sale",
    "ad_group": "Home Decor",
    "ad_type": "Video Ad",
    "impressions": 464256,
    "clicks": 6710,
    "conversions": 78,
    "cost": 801.1,
    "conversion_rate": 0.0355,
    "revenue": 8120.96,
    "roi": 5.67,
    "start_date": "10/7/2022"
  },
  {
    "id": "efb7ae01-17cd-4c80-9ec8-fa1383e4e35d",
    "ad_source": "Facebook",
    "ad_campaign": "Holiday Promotion",
    "ad_group": "Home Decor",
    "ad_type": "Sponsored Post",
    "impressions": 269256,
    "clicks": 6832,
    "conversions": 24,
    "cost": 415.24,
    "conversion_rate": 0.0331,
    "revenue": 3084.43,
    "roi": 1.82,
    "start_date": "12/21/2022"
  },
  {
    "id": "52b70e92-99f2-41d0-af8d-d7ddc43c59e5",
    "ad_source": "Instagram",
    "ad_campaign": "Holiday Promotion",
    "ad_group": "Electronics",
    "ad_type": "Sponsored Post",
    "impressions": 377287,
    "clicks": 7021,
    "conversions": 74,
    "cost": 833.93,
    "conversion_rate": 0.0907,
    "revenue": 6427.43,
    "roi": 3.98,
    "start_date": "7/8/2022"
  },
  {
    "id": "1632613c-bf6f-425c-b9cc-dc9dde2fa6fb",
    "ad_source": "Facebook",
    "ad_campaign": "Back to School",
    "ad_group": "Home Decor",
    "ad_type": "Sponsored Post",
    "impressions": 513809,
    "clicks": 2065,
    "conversions": 17,
    "cost": 71.57,
    "conversion_rate": 0.0915,
    "revenue": 1899.59,
    "roi": 2.6,
    "start_date": "8/20/2022"
  },
  {
    "id": "198b7319-682e-48f3-ad3f-1352e956800d",
    "ad_source": "LinkedIn",
    "ad_campaign": "Holiday Promotion",
    "ad_group": "Electronics",
    "ad_type": "Banner Ad",
    "impressions": 392989,
    "clicks": 3477,
    "conversions": 90,
    "cost": 344.82,
    "conversion_rate": 0.0432,
    "revenue": 8885.36,
    "roi": 0.51,
    "start_date": "11/8/2022"
  },
  {
    "id": "eb45196c-5e7e-41ac-a692-b5ca3b2d0233",
    "ad_source": "Twitter",
    "ad_campaign": "Back to School",
    "ad_group": "Electronics",
    "ad_type": "Sponsored Post",
    "impressions": 504445,
    "clicks": 1148,
    "conversions": 14,
    "cost": 731.63,
    "conversion_rate": 0.0956,
    "revenue": 7248.01,
    "roi": 9.53,
    "start_date": "1/29/2022"
  },
  {
    "id": "10cb0d3a-f0a1-493d-8157-bf266abc776b",
    "ad_source": "Facebook",
    "ad_campaign": "Summer Sale",
    "ad_group": "Electronics",
    "ad_type": "Video Ad",
    "impressions": 678840,
    "clicks": 6026,
    "conversions": 77,
    "cost": 515.15,
    "conversion_rate": 0.0334,
    "revenue": 4978.47,
    "roi": 0.73,
    "start_date": "1/23/2022"
  },
  {
    "id": "7b81b3f1-87d7-4b90-be15-120fd1b971f3",
    "ad_source": "Facebook",
    "ad_campaign": "Holiday Promotion",
    "ad_group": "Women's Clothing",
    "ad_type": "Video Ad",
    "impressions": 316263,
    "clicks": 1529,
    "conversions": 45,
    "cost": 142.77,
    "conversion_rate": 0.055,
    "revenue": 224.81,
    "roi": 1.62,
    "start_date": "1/25/2022"
  },
  {
    "id": "5b7e07e1-b42b-4aca-912a-ebc4f1515951",
    "ad_source": "Instagram",
    "ad_campaign": "Summer Sale",
    "ad_group": "Electronics",
    "ad_type": "Video Ad",
    "impressions": 639784,
    "clicks": 8077,
    "conversions": 11,
    "cost": 282.42,
    "conversion_rate": 0.0829,
    "revenue": 5312.23,
    "roi": 7.35,
    "start_date": "1/3/2022"
  },
  {
    "id": "7d50db29-768f-4b8a-83f3-357862b90b43",
    "ad_source": "Twitter",
    "ad_campaign": "Summer Sale",
    "ad_group": "Electronics",
    "ad_type": "Sponsored Post",
    "impressions": 592216,
    "clicks": 7289,
    "conversions": 47,
    "cost": 803.92,
    "conversion_rate": 0.0191,
    "revenue": 1438.17,
    "roi": 2.33,
    "start_date": "11/17/2022"
  },
  {
    "id": "14443f86-8765-4bc2-b088-6bfaea60f16a",
    "ad_source": "Facebook",
    "ad_campaign": "Back to School",
    "ad_group": "Electronics",
    "ad_type": "Banner Ad",
    "impressions": 415380,
    "clicks": 6289,
    "conversions": 40,
    "cost": 296.01,
    "conversion_rate": 0.0202,
    "revenue": 2175.79,
    "roi": 5.69,
    "start_date": "10/12/2022"
  },
  {
    "id": "9af0c9da-129e-42ce-9588-aef42c962a08",
    "ad_source": "LinkedIn",
    "ad_campaign": "Back to School",
    "ad_group": "Home Decor",
    "ad_type": "Banner Ad",
    "impressions": 541098,
    "clicks": 654,
    "conversions": 50,
    "cost": 381.59,
    "conversion_rate": 0.0103,
    "revenue": 4147.78,
    "roi": 9.67,
    "start_date": "8/13/2022"
  },
  {
    "id": "1be1d84a-404b-4ae9-b0a0-e241d6492a95",
    "ad_source": "LinkedIn",
    "ad_campaign": "Holiday Promotion",
    "ad_group": "Women's Clothing",
    "ad_type": "Video Ad",
    "impressions": 143544,
    "clicks": 4637,
    "conversions": 71,
    "cost": 251.56,
    "conversion_rate": 0.0997,
    "revenue": 2992.39,
    "roi": 8.31,
    "start_date": "2/26/2022"
  },
  {
    "id": "889bb835-8075-4c2d-935b-e604400b0f1a",
    "ad_source": "Facebook",
    "ad_campaign": "Summer Sale",
    "ad_group": "Women's Clothing",
    "ad_type": "Video Ad",
    "impressions": 479594,
    "clicks": 3859,
    "conversions": 49,
    "cost": 812.91,
    "conversion_rate": 0.0552,
    "revenue": 7758.56,
    "roi": 5.11,
    "start_date": "5/17/2022"
  },
  {
    "id": "847478cb-2964-44d7-a1a0-8f299657bf0f",
    "ad_source": "Facebook",
    "ad_campaign": "Back to School",
    "ad_group": "Home Decor",
    "ad_type": "Banner Ad",
    "impressions": 859439,
    "clicks": 7602,
    "conversions": 53,
    "cost": 264.37,
    "conversion_rate": 0.0904,
    "revenue": 3944.31,
    "roi": 4.03,
    "start_date": "3/16/2022"
  },
  {
    "id": "8fb2db9e-1524-4282-8dc7-a295237c28d4",
    "ad_source": "Twitter",
    "ad_campaign": "Back to School",
    "ad_group": "Home Decor",
    "ad_type": "Sponsored Post",
    "impressions": 64427,
    "clicks": 1747,
    "conversions": 27,
    "cost": 843.59,
    "conversion_rate": 0.0258,
    "revenue": 6227.11,
    "roi": 1.61,
    "start_date": "4/3/2022"
  },
  {
    "id": "7f27bd50-f3f1-445d-a752-961270c010b2",
    "ad_source": "Facebook",
    "ad_campaign": "Back to School",
    "ad_group": "Electronics",
    "ad_type": "Video Ad",
    "impressions": 897033,
    "clicks": 5479,
    "conversions": 36,
    "cost": 317.38,
    "conversion_rate": 0.0198,
    "revenue": 7412.02,
    "roi": 2.76,
    "start_date": "8/10/2022"
  },
  {
    "id": "e634225a-55e8-45c2-a0ed-21e637d6070a",
    "ad_source": "LinkedIn",
    "ad_campaign": "Summer Sale",
    "ad_group": "Electronics",
    "ad_type": "Sponsored Post",
    "impressions": 566321,
    "clicks": 4276,
    "conversions": 15,
    "cost": 569.71,
    "conversion_rate": 0.0512,
    "revenue": 8333.06,
    "roi": 3.12,
    "start_date": "9/22/2022"
  },
  {
    "id": "6b332a1b-fc11-449e-b1ed-d0fa169e822b",
    "ad_source": "Twitter",
    "ad_campaign": "Summer Sale",
    "ad_group": "Home Decor",
    "ad_type": "Video Ad",
    "impressions": 615479,
    "clicks": 7034,
    "conversions": 15,
    "cost": 333.51,
    "conversion_rate": 0.0135,
    "revenue": 1505.82,
    "roi": 4.15,
    "start_date": "8/5/2022"
  },
  {
    "id": "2a5d0b1a-9e3c-44c6-98d1-40f137617d52",
    "ad_source": "Instagram",
    "ad_campaign": "Back to School",
    "ad_group": "Home Decor",
    "ad_type": "Banner Ad",
    "impressions": 498603,
    "clicks": 3145,
    "conversions": 30,
    "cost": 428.33,
    "conversion_rate": 0.0519,
    "revenue": 8220.5,
    "roi": 4.11,
    "start_date": "4/17/2022"
  },
  {
    "id": "9ba4f5cf-99ce-490f-84a0-44f70db78119",
    "ad_source": "Instagram",
    "ad_campaign": "Summer Sale",
    "ad_group": "Women's Clothing",
    "ad_type": "Sponsored Post",
    "impressions": 169809,
    "clicks": 8488,
    "conversions": 86,
    "cost": 38.95,
    "conversion_rate": 0.0768,
    "revenue": 9604.95,
    "roi": 3.19,
    "start_date": "9/7/2022"
  },
  {
    "id": "ba0765d3-0338-4d12-aa6e-7cba7e177fa4",
    "ad_source": "Facebook",
    "ad_campaign": "Summer Sale",
    "ad_group": "Home Decor",
    "ad_type": "Banner Ad",
    "impressions": 601298,
    "clicks": 3753,
    "conversions": 16,
    "cost": 209.27,
    "conversion_rate": 0.0295,
    "revenue": 4466.09,
    "roi": 7.24,
    "start_date": "3/16/2022"
  },
  {
    "id": "9f4446ef-da72-4c8c-a1a5-b9c1ae764c0a",
    "ad_source": "LinkedIn",
    "ad_campaign": "Holiday Promotion",
    "ad_group": "Home Decor",
    "ad_type": "Banner Ad",
    "impressions": 707996,
    "clicks": 6666,
    "conversions": 5,
    "cost": 447.37,
    "conversion_rate": 0.0214,
    "revenue": 5500.47,
    "roi": 8.72,
    "start_date": "1/21/2022"
  },
  {
    "id": "a3525e2a-5f43-4aab-830d-c8ec16eaf96a",
    "ad_source": "LinkedIn",
    "ad_campaign": "Summer Sale",
    "ad_group": "Electronics",
    "ad_type": "Video Ad",
    "impressions": 44828,
    "clicks": 3984,
    "conversions": 81,
    "cost": 242.25,
    "conversion_rate": 0.0831,
    "revenue": 498.01,
    "roi": 6.18,
    "start_date": "3/27/2022"
  },
  {
    "id": "1f683291-f95f-4987-8ce1-6fdf70a6b82f",
    "ad_source": "Instagram",
    "ad_campaign": "Holiday Promotion",
    "ad_group": "Home Decor",
    "ad_type": "Banner Ad",
    "impressions": 464634,
    "clicks": 3109,
    "conversions": 42,
    "cost": 33.8,
    "conversion_rate": 0.0259,
    "revenue": 6911.14,
    "roi": 3.39,
    "start_date": "10/30/2022"
  },
  {
    "id": "e0d38637-a2a2-4c6f-9036-5ffb4a7282b5",
    "ad_source": "Twitter",
    "ad_campaign": "Back to School",
    "ad_group": "Electronics",
    "ad_type": "Sponsored Post",
    "impressions": 851859,
    "clicks": 312,
    "conversions": 51,
    "cost": 335.64,
    "conversion_rate": 0.0114,
    "revenue": 8699.9,
    "roi": 9.76,
    "start_date": "7/28/2022"
  },
  {
    "id": "f73ac9f3-a009-4ba4-bd36-b78ba714b75b",
    "ad_source": "Twitter",
    "ad_campaign": "Summer Sale",
    "ad_group": "Home Decor",
    "ad_type": "Sponsored Post",
    "impressions": 631720,
    "clicks": 9208,
    "conversions": 38,
    "cost": 19.41,
    "conversion_rate": 0.0767,
    "revenue": 4074.71,
    "roi": 3.57,
    "start_date": "8/20/2022"
  },
  {
    "id": "c1caf24c-20d2-40ce-82a6-0cc78182c483",
    "ad_source": "Facebook",
    "ad_campaign": "Summer Sale",
    "ad_group": "Electronics",
    "ad_type": "Video Ad",
    "impressions": 545620,
    "clicks": 9711,
    "conversions": 67,
    "cost": 96.42,
    "conversion_rate": 0.0667,
    "revenue": 6018.92,
    "roi": 7.55,
    "start_date": "6/23/2022"
  },
  {
    "id": "77c70f3f-ea97-481c-abcc-7f9b666b08c7",
    "ad_source": "Twitter",
    "ad_campaign": "Back to School",
    "ad_group": "Home Decor",
    "ad_type": "Video Ad",
    "impressions": 421675,
    "clicks": 5376,
    "conversions": 20,
    "cost": 852.49,
    "conversion_rate": 0.0504,
    "revenue": 1063.62,
    "roi": 5.58,
    "start_date": "11/17/2022"
  },
  {
    "id": "4bdd5c8b-b1ae-4052-ab05-a29d820fcbcd",
    "ad_source": "LinkedIn",
    "ad_campaign": "Summer Sale",
    "ad_group": "Home Decor",
    "ad_type": "Video Ad",
    "impressions": 667126,
    "clicks": 3946,
    "conversions": 100,
    "cost": 392.13,
    "conversion_rate": 0.0118,
    "revenue": 4861.87,
    "roi": 8.06,
    "start_date": "4/16/2022"
  },
  {
    "id": "0d5af337-6498-4b94-9704-862cfce4f997",
    "ad_source": "Facebook",
    "ad_campaign": "Holiday Promotion",
    "ad_group": "Women's Clothing",
    "ad_type": "Sponsored Post",
    "impressions": 964673,
    "clicks": 6977,
    "conversions": 70,
    "cost": 639.63,
    "conversion_rate": 0.0239,
    "revenue": 2675.17,
    "roi": 7.53,
    "start_date": "3/27/2022"
  },
  {
    "id": "a19c8622-2613-4989-a46d-ef1be0d9ebb5",
    "ad_source": "Facebook",
    "ad_campaign": "Back to School",
    "ad_group": "Women's Clothing",
    "ad_type": "Banner Ad",
    "impressions": 627760,
    "clicks": 7798,
    "conversions": 43,
    "cost": 958.06,
    "conversion_rate": 0.0762,
    "revenue": 4154.96,
    "roi": 6.82,
    "start_date": "8/10/2022"
  },
  {
    "id": "21ce911d-b209-441d-990e-945151e8d7e8",
    "ad_source": "Twitter",
    "ad_campaign": "Holiday Promotion",
    "ad_group": "Home Decor",
    "ad_type": "Video Ad",
    "impressions": 703920,
    "clicks": 3281,
    "conversions": 50,
    "cost": 596.74,
    "conversion_rate": 0.083,
    "revenue": 9883.12,
    "roi": 8.15,
    "start_date": "6/5/2022"
  },
  {
    "id": "0465799a-7946-4db2-88a0-17d4506ee769",
    "ad_source": "Twitter",
    "ad_campaign": "Summer Sale",
    "ad_group": "Home Decor",
    "ad_type": "Video Ad",
    "impressions": 874990,
    "clicks": 9503,
    "conversions": 22,
    "cost": 207.72,
    "conversion_rate": 0.0714,
    "revenue": 5581.35,
    "roi": 3.6,
    "start_date": "5/22/2022"
  },
  {
    "id": "73c7345d-6c86-4c86-a1b1-9fa78d695830",
    "ad_source": "Facebook",
    "ad_campaign": "Summer Sale",
    "ad_group": "Electronics",
    "ad_type": "Sponsored Post",
    "impressions": 108196,
    "clicks": 6930,
    "conversions": 65,
    "cost": 858.9,
    "conversion_rate": 0.0338,
    "revenue": 7071.55,
    "roi": 3.38,
    "start_date": "4/11/2022"
  }
]
